<?xml version="1.0" encoding="UTF-8"?><collection xmlns="http://www.loc.gov/MARC21/slim"><record><leader>00406nam--2200133-i-4500</leader><controlfield tag="001">000006815</controlfield><controlfield tag="002">20161230</controlfield><controlfield tag="005">20161230201027</controlfield><controlfield tag="008">060222s1000------------r-----000-0-eng-d</controlfield><datafield ind1=" " ind2=" " tag="245"><subfield code="a">The art and science of growing crystals</subfield></datafield><datafield ind1=" " ind2=" " tag="260"><subfield code="a">New York, London, John Wiley And Sons, Inc., 1963 Viii + 493 P</subfield></datafield><datafield ind1=" " ind2=" " tag="490"><subfield code="a">Wiley Series On The Science And Technology Of Materials</subfield></datafield><datafield ind1=" " ind2=" " tag="700"><subfield code="a">Gilman, J.J</subfield></datafield><datafield ind1=" " ind2=" " tag="852"><subfield code="a">19710</subfield></datafield></record></collection>